@Manual{devtools,
    title = {devtools: Tools to Make Developing R Packages Easier},
    author = {Hadley Wickham and Jim Hester and Winston Chang},
    year = {2020},
    note = {R package version 2.3.0},
    url = {https://CRAN.R-project.org/package=devtools},
  }
  
  @Manual{roxygen2,
    title = {roxygen2: In-Line Documentation for R},
    author = {Hadley Wickham and Peter Danenberg and Gábor Csárdi and Manuel Eugster},
    year = {2020},
    note = {R package version 7.1.0},
    url = {https://CRAN.R-project.org/package=roxygen2},
  }
  
    @Manual{usethis,
    title = {usethis: Automate Package and Project Setup},
    author = {Hadley Wickham and Jennifer Bryan},
    year = {2020},
    note = {R package version 1.6.1},
    url = {https://CRAN.R-project.org/package=usethis},
  }
  
  @Manual{available,
    title = {available: Check if the Title of a Package is Available, Appropriate and
Interesting},
    author = {Carl Ganz and Gábor Csárdi and Jim Hester and Molly Lewis and Rachael Tatman},
    year = {2019},
    note = {R package version 1.0.4},
    url = {https://CRAN.R-project.org/package=available},
  }
  
   @Manual{pkgdown,
    title = {pkgdown: Make Static HTML Documentation for a Package},
    author = {Hadley Wickham and Jay Hesselberth},
    year = {2020},
    note = {R package version 1.5.1},
    url = {https://CRAN.R-project.org/package=pkgdown},
  }
  @Manual{hexSticker,
    title = {hexSticker: Create Hexagon Sticker in R},
    author = {Guangchuang Yu},
    year = {2020},
    note = {R package version 0.4.7},
    url = {https://CRAN.R-project.org/package=hexSticker},
  }
  
  @Manual{cranlogs,
    title = {cranlogs: Download Logs from the 'RStudio' 'CRAN' Mirror},
    author = {Gábor Csárdi},
    year = {2019},
    note = {R package version 2.1.1},
    url = {https://CRAN.R-project.org/package=cranlogs},
  }
  
   @Manual{dlstats,
    title = {dlstats: Download Stats of R Packages},
    author = {Guangchuang Yu},
    year = {2019},
    note = {R package version 0.1.3},
    url = {https://CRAN.R-project.org/package=dlstats},
  }
  
  @Article{Rcpp,
    title = {{Extending 	extit{R} with 	extit{C++}: A Brief Introduction to 	extit{Rcpp}}},
    author = {Dirk Eddelbuettel and James Joseph Balamuta},
    journal = {PeerJ Preprints},
    year = {2017},
    month = {aug},
    volume = {5},
    pages = {e3188v1},
    issn = {2167-9843},
    url = {https://doi.org/10.7287/peerj.preprints.3188v1},
    doi = {10.7287/peerj.preprints.3188v1},
  }